<?xml version="1.0" encoding="UTF-8"?><record xmlns="http://www.loc.gov/MARC21/slim" xmlns:cinclude="http://apache.org/cocoon/include/1.0" xmlns:zs="http://www.loc.gov/zing/srw/">
  <leader>01177cz  a2200265n  4500</leader>
  <controlfield tag="001">n  00030640 </controlfield>
  <controlfield tag="003">DLC</controlfield>
  <controlfield tag="005">20130312074748.0</controlfield>
  <controlfield tag="008">000410n| azannaabn          |b aaa      </controlfield>
  <datafield tag="010" ind1=" " ind2=" ">
    <subfield code="a">n  00030640 </subfield>
  </datafield>
  <datafield tag="035" ind1=" " ind2=" ">
    <subfield code="a">(OCoLC)oca05195529</subfield>
  </datafield>
  <datafield tag="040" ind1=" " ind2=" ">
    <subfield code="a">DLC</subfield>
    <subfield code="b">eng</subfield>
    <subfield code="e">rda</subfield>
    <subfield code="c">DLC</subfield>
    <subfield code="d">DLC</subfield>
    <subfield code="d">OrU</subfield>
    <subfield code="d">ICU</subfield>
    <subfield code="d">DLC</subfield>
  </datafield>
  <datafield tag="100" ind1="1" ind2=" ">
    <subfield code="a">Kokoulin, V. G.</subfield>
  </datafield>
  <datafield tag="370" ind1=" " ind2=" ">
    <subfield code="e">Novosibirsk, Russia</subfield>
  </datafield>
  <datafield tag="372" ind1=" " ind2=" ">
    <subfield code="a">History</subfield>
  </datafield>
  <datafield tag="373" ind1=" " ind2=" ">
    <subfield code="a">Novosibirskiĭ gosudarstvennyĭ universitet</subfield>
    <subfield code="2">naf</subfield>
  </datafield>
  <datafield tag="374" ind1=" " ind2=" ">
    <subfield code="a">Professor</subfield>
  </datafield>
  <datafield tag="375" ind1=" " ind2=" ">
    <subfield code="a">male</subfield>
  </datafield>
  <datafield tag="377" ind1=" " ind2=" ">
    <subfield code="a">rus</subfield>
  </datafield>
  <datafield tag="400" ind1="1" ind2=" ">
    <subfield code="a">Кокоулин, Владислав Геннадьевич</subfield>
  </datafield>
  <datafield tag="400" ind1="1" ind2=" ">
    <subfield code="a">Kokoulin, Vladislav Gennadʹevich</subfield>
  </datafield>
  <datafield tag="667" ind1=" " ind2=" ">
    <subfield code="a">Non-Latin script reference not evaluated.</subfield>
  </datafield>
  <datafield tag="670" ind1=" " ind2=" ">
    <subfield code="a">Voprosy istorii Sibiri XX veka, 1999:</subfield>
    <subfield code="b">verso t.p. (V.G. Kokoulin; kand. ist. nauk)</subfield>
  </datafield>
  <datafield tag="670" ind1=" " ind2=" ">
    <subfield code="a">Aktualʹnye problemy istorii Okti︠a︡brʹskoĭ revoli︠u︡t︠s︡ii ... 2000:</subfield>
    <subfield code="b">t.p. verso (V.G. Kokoulin) colophon (Vladislav Gennadʹevich Kokoulin)</subfield>
  </datafield>
  <datafield tag="670" ind1=" " ind2=" ">
    <subfield code="a">Novosibirskiĭ universitet WWW site, Feb. 28, 2013</subfield>
    <subfield code="b">"Gumanitarnyĭ fakulʹtet" webpage (Vladislav Gennadʹevich Kokoulin, professor of History at the Humanities Department of the Novosibirsk State University)</subfield>
  </datafield>
</record>